<collection xmlns="http://www.loc.gov/MARC21/slim"><record><leader>00606nam  2200181   450</leader><controlfield tag="001">414</controlfield><controlfield tag="003">http://montalegre.opacnet.com/OPAC/default.aspx?ContentAreaControl=ShowRegHoldings.ascx&amp;RegNo=16662</controlfield><datafield tag="100" ind1=" " ind2=" "><subfield code="a">19941004f19601970km y0pory0103    ba</subfield></datafield><datafield tag="101" ind1="1" ind2=" "><subfield code="a">por</subfield><subfield code="c">rus</subfield></datafield><datafield tag="102" ind1=" " ind2=" "><subfield code="a">PT</subfield></datafield><datafield tag="200" ind1="1" ind2=" "><subfield code="a">&lt;O &gt;retrato</subfield><subfield code="f">Nikolau Gogol</subfield><subfield code="g">versão de Daniel de Carvalho</subfield></datafield><datafield tag="210" ind1=" " ind2=" "><subfield code="a">[Lisboa</subfield><subfield code="c">Portugália</subfield><subfield code="d">[19--?]</subfield></datafield><datafield tag="215" ind1=" " ind2=" "><subfield code="a">152 p.</subfield><subfield code="d">17 cm</subfield></datafield><datafield tag="225" ind1="2" ind2=" "><subfield code="a">&lt;O &gt;livro de bolso</subfield><subfield code="i">Clássico</subfield><subfield code="v">10</subfield></datafield><datafield tag="675" ind1=" " ind2=" "><subfield code="a">821</subfield><subfield code="v">bn</subfield><subfield code="z">por</subfield></datafield><datafield tag="700" ind1=" " ind2="1"><subfield code="a">Gogol</subfield><subfield code="b">Nicolau Vasilievich</subfield><subfield code="f">1809-1852</subfield></datafield><datafield tag="801" ind1=" " ind2="0"><subfield code="a">PT</subfield><subfield code="b">Biblioteca Municipal de Montalegre</subfield><subfield code="g">RPC</subfield></datafield><datafield tag="909" ind1="&#9;" ind2=" "><subfield code="a">2</subfield></datafield><datafield tag="966" ind1=" " ind2=" "><subfield code="a">0008165</subfield><subfield code="l">BMM</subfield><subfield code="s">SCG 821 GOG ret 10</subfield></datafield><datafield tag="966" ind1=" " ind2=" "><subfield code="a">0008166</subfield><subfield code="l">BMM</subfield><subfield code="s">SCG 821 GOG ret 10</subfield></datafield></record></collection>